@abbreviation{spi,
  short       = {SPI},
  long        = {Serial Peripheral Interface},
  description = {哈哈哈}
}