@article{ChaiChuanYeJiYuBeiDouDeHaiShangShiShiFeiJiJiuYuanXiTong2018,
  abstract     = {文章提出基于北斗系统的海上搜救系统,包括遥感系统、声呐系统、北斗卫星定位接收子系统和综合舰桥系统。当进行搜救时,带有机载摄像头和光热传感器的飞机在海面上盘旋,机载图像处理模块实现飞机失事点的定位;飞机投下的特制浮标将水下失事目标的位置通过飞机发给指挥调控中心,指挥中心派遣搜救船只进行打捞和搜救,从而提高海上搜救时效性和效率。},
  author       = {{柴川页} and {赵帆帆} and {林立洲} and {矫俊鹏}},
  date         = {2018},
  issn         = {1672-9730},
  journaltitle = {舰船电子工程},
  keywords     = {北斗卫星系统,水声定位,海上救援,组合导航,综合舰桥系统,mypapers}, % 给已发表（或正式接受）的学术论文处需要列出的文献添加关键词 mypapers
  langid       = {chinese},
  number       = {6},
  pages        = {37--40, 96},
  title        = {基于北斗的海上失事飞机救援系统},
  volume       = {38}
}
@patent{YangZhiGuoYiZhongDiGongHaoDaRongLiangCunChuXiTongJiYingYong2018,
  author   = {杨志国 and 姜莹 and 顾荷炎 and 刘保华 and 于凯本 and 于盛齐 and 宗乐 and 张晓波},
  date     = {2018-07-06},
  holder   = {{Hangzhou Rui News Technology Co Ltd, First Institute of Oceanography SOA, National Deep Sea Center}},
  keywords = {cards,data,low,power consumption,sdio,mypatents}, % 给申请或已获得的专利处需要列出的文献添加关键词 mypatents
  langid   = {chinese},
  location = {CN},
  number   = {CN108255763A},
  title    = {一种低功耗大容量存储系统及应用},
  type     = {patent},
}