@symbol{pi,
  name        = {\ensuremath{\pi}},
  description = {Archimedes' constant}
}